2471 3845
393 303 468 353 24

285 366 653 447 exemplunm
711 380 847 423 tunc
901 359 1074 433 dico„
1132 355 1483 431 AuditoreS‚
1539 354 1696 427 (non
1760 352 1912 415 enim
1979 352 2213 433 potestis

282 474 399 512 non
457 446 848 526 meminiffe,)
918 468 1047 517 cum
1112 465 1379 524 magnum
1441 442 1675 501 Flumen
1736 437 2044 500 Danubius
2113 439 2212 497 ab-

282 535 461 618 ruptis
520 557 593 594 ex
641 531 911 593 immensa
965 552 1239 611 aquarum
1288 526 1493 609 copia,
1547 526 1941 605 convulfisque
1994 521 2214 604 aggeri-

280 624 386 681 bus
433 620 512 681 ita
554 615 768 680 furenti
815 615 976 676 cursu
1022 613 1285 697 implevit
1339 611 1536 694 Regiae
1589 611 2024 673 VVindebonae
2082 609 2214 670 sub-

278 705 546 779 urbium,
600 723 662 764 ut
721 698 905 762 omnis
960 699 1145 763 statim
1202 701 1277 759 ad
1336 697 1480 758 illud
1535 695 1711 757 fuerit
1772 693 2096 777 impedita,
2160 701 2212 753 &

278 793 550 873 praeclusa
598 785 893 863 trajestiog
950 808 1140 868 neque
1197 784 1417 846 interea
1471 784 1617 843 ullus
1681 780 2039 843 inveniretur
2095 800 2212 843 tam

275 877 413 938 forti
471 875 702 947 ani1n0‚
764 870 903 954 qui,
966 870 1171 954 quovis
1224 868 1397 932 etiam
1453 871 1752 951 propofito
1820 865 2049 949 pretio³
2098 885 2217 928 tam

276 985 546 1043 magnum
609 956 933 1043 periculum
996 955 1221 1039 ingredi
1285 955 1497 1028 vellet,
1565 974 1856 1035 opemque
1915 951 2066 1012 ferre
2128 969 2216 1014 tot

277 1046 488 1110 miseris
538 1050 648 1123 jam
700 1043 1006 1127 proxime,
1071 1062 1168 1104 aut
1230 1065 1303 1103 ex
1358 1058 1518 1100 certo
1579 1038 1920 1120 naufragio,
1987 1058 2086 1100 aut
2139 1059 2213 1096 ex

277 1152 434 1195 certa
478 1130 675 1194 inedia
722 1127 1020 1211 perituris,
1094 1127 1263 1207 Quid
1316 1145 1438 1188 tum
1489 1123 1850 1185 Auditores?
1921 1130 2072 1185 Rem
2128 1120 2216 1183 di-

277 1241 389 1293 co.,
449 1240 622 1300 quam
673 1236 779 1276 nec
830 1216 946 1275 ulla
994 1235 1251 1296 unquam
1296 1211 1446 1272 vidit
1503 1207 1848 1290 antiquitaS,
1920 1210 2000 1282 (fi
2064 1210 2212 1269 bene

274 1303 594 1383 memini),
656 1323 722 1363 ac
784 1323 959 1383 poene
1008 1299 1109 1361 vix
1171 1302 1288 1361 ulla
1353 1296 1555 1358 credet
1621 1293 1815 1357 futura
1881 1294 2215 1378 posteritas:

274 1396 505 1453 Interea
558 1391 697 1450 dum
749 1408 947 1449 omnes
997 1385 1277 1448 auxilium
1329 1381 1541 1446 miseris
1594 1381 1781 1443 afferri
1835 1380 2113 1463 cupiunt,
2161 1388 2215 1441 ἃ

270 1476 333 1538 in
385 1493 546 1537 certo
611 1472 740 1535 vitae
812 1469 1138 1534 discrimine
1203 1469 1498 1555 porrigere
1561 1491 1733 1529 nemo
1796 1469 2012 1537 audet3
2072 1489 2217 1528 unus

271 1563 863 1623 FRANCISCUS
944 1580 1052 1640 pro
1125 1557 1232 1619 suis
1265 1606 1280 1631 ,
1360 1555 1466 1615 suae
1534 1552 1723 1614 salutis
1798 1570 2217 1634 contemptor,

275 1665 646 1729 contemptor
711 1644 850 1706 item
906 1642 1189 1727 periculi,
1256 1663 1499 1724 parvam
1558 1640 1829 1713 cymbam
1899 1640 2213 1700 ascendere

272 1756 391 1796 non
440 1729 772 1805 dubitavit,
818 1747 990 1811 atque
1040 1730 1306 1791 adversus
1351 1725 1636 1787 terribiles
1683 1727 1922 1799 fluetus,
1980 1723 2218 1785 ruentis-

269 1842 382 1901 que
429 1817 680 1879 fluminis
724 1814 1080 1898 praecipitem
1130 1814 1441 1897 impetum,
1489 1812 1671 1883 idest,
1706 1812 1886 1871 multa
1921 1809 2101 1883 inter,
2150 1832 2217 1870 ac

267 1904 391 1968 fere
437 1921 594 1964 certa
639 1901 900 1984 pericula
948 1903 1022 1961 ad
1070 1900 1197 1961 illos
1240 1898 1473 1962 miseros
1533 1895 1839 1976 navigare3
1895 1915 2013 1956 tum
2069 1893 2217 1964 affli-

269 1997 390 2052 &os
438 1989 555 2070 ipse
599 1986 808 2058 solari,
855 1984 1074 2066 erigere
1134 1988 1212 2045 ad
1268 1987 1427 2066 spem
1470 1983 1638 2052 vitae,
1695 1988 1748 2037 &
1805 2002 2100 2048 recreare3
2163 1987 2217 2040 &

269 2100 399 2138 cum
448 2071 694 2154 primum
726 2069 929 2137 licuit,
965 2087 1036 2126 ne
1087 2070 1233 2146 quid
1276 2061 1688 2138 neceffarium,
1730 2070 1782 2123 δί
1817 2083 2213 2146 opportunum

267 2163 485 2223 deeffet
529 2155 824 2238 cuipiam,
869 2150 1211 2234 providere.
1259 2156 1433 2226 Ham,
1482 2149 1835 2224 AuditoreS,
1882 2151 2001 2211 haec
2047 2152 2214 2214 unius

267 2244 779 2308 FRANCISCI
841 2238 1107 2312 summat,
1172 2236 1526 2319 insolitaeque
1590 2233 1952 2298 fortitudinis
2010 2238 2213 2320 Magni

265 2327 641 2412 Imperatoris
684 2323 840 2385 facta
886 2324 1047 2396 sunt,
1110 2344 1233 2405 quae
1279 2344 1410 2383 cum
1457 2342 1560 2401 per
1605 2321 1659 2381 se
1706 2320 1975 2396 illustria,
2028 2322 2213 2405 splen-

270 2416 446 2489 dida,
505 2411 812 2494 magnifica
855 2414 1000 2484 fint,
1058 2411 1228 2491 plane
1274 2407 1522 2479 videtiS,
1580 2404 1708 2467 satis
1752 2405 1959 2480 sume,
2006 2410 2098 2468 vel
2142 2434 2214 2471 ea

269 2501 517 2584 raptim,
562 2498 622 2558 in
670 2495 795 2577 ipso
841 2493 1143 2555 Orationis
1190 2493 1351 2555 cursu
1418 2490 1693 2574 attigisse:
1764 2514 1952 2574 neque
2018 2494 2212 2571 enim,

270 2610 392 2671 quae
439 2584 577 2646 talia
619 2582 783 2654 sunt,
829 2580 951 2640 ullo
1007 2579 1315 2662 splendore
1374 2579 1687 2640 verborum
1746 2577 2049 2660 indigent,
2114 2600 2212 2643 aut

268 2690 512 2744 ornam,
558 2677 610 2730 δι
657 2667 833 2748 copia
879 2663 1260 2749 eloquentiae.
1914 2658 1917 2661 ’

435 2762 559 2832 Jam
608 2752 753 2836 quid
801 2774 912 2835 ego
959 2774 1111 2813 nunc
1158 2751 1233 2810 ad
1279 2770 1600 2815 extremum
1648 2772 1842 2812 earum
1895 2752 2210 2826 virtutum,

270 2865 394 2927 quae
439 2839 619 2902 veluti
668 2837 933 2900 cardines
976 2836 1270 2917 omnium,
1316 2843 1368 2897 &
1411 2839 1736 2911 habentur,
1800 2843 1854 2896 &
1911 2837 2073 2912 sunt,
2135 2838 2210 2897 de

270 2931 439 3000 Ejus,
503 2948 625 3008 quae
682 2924 903 3005 reliqua
961 2927 1079 2998 est,
1142 2922 1358 2999 justitia
1418 2924 1704 3005 eloquar?
1768 2921 1937 3001 Quid
2002 2925 2075 2983 de
2142 2944 2211 2983 ea

269 3011 464 3096 prius,
520 3011 665 3094 quid
713 3010 1047 3093 praedicabo
1104 3007 1432 3092 posterius?
1496 3008 1878 3081 Potiffimum,
1940 3027 2071 3071 cum
2129 3001 2249 3070 ita*

269 3100 450 3159 verba
496 3098 837 3158 contrahere
888 3096 1176 3168 debeam,
1220 3113 1285 3155 ut
1330 3092 1387 3155 in
1433 3096 1584 3157 hanc
1629 3091 2029 3154 nobiliffimam
2080 3115 2212 3174 par-

271 3202 387 3243 tem
436 3206 552 3244 non
599 3181 851 3255 veniffe,
895 3182 995 3243 sed
1041 3180 1346 3242 excurriffe
1394 3181 1586 3264 potius
1624 3175 1811 3241 videri
1853 3183 2019 3256 possit
2058 3183 2211 3239 Ora-

273 3266 390 3328 tio,
457 3274 829 3349 Quamquam
890 3273 988 3330 etfi
1042 3288 1274 3328 omnem
1338 3266 1620 3349 impetum
1677 3259 1978 3323 Orationis
2048 3263 2209 3345 sequi

274 3354 555 3428 voluer0‚
600 3354 744 3434 quid
793 3354 1026 3416 demum
1073 3352 1219 3427 erit,
1264 3354 1425 3435 quod
1474 3350 1713 3432 dignum
1758 3351 1957 3410 afferre
2005 3355 2209 3430 poffim

274 3454 437 3497 tanto
482 3442 835 3519 Imperatore
859 3445 884 3500 Ρ

1969 3521 2120 3599 Ergo
