2471 3845
2001 213 2063 250 11

231 257 396 320 lentis
436 264 551 329 est3
596 260 710 321 hoc
750 263 1038 342 adprecor
1077 285 1219 344 egO,
1255 272 1307 325 &
1350 268 1758 341 vehementer,
1797 287 1858 331 ut
1896 272 2157 335 levamen

231 348 429 405 afferat
475 344 789 426 aliquando
836 345 909 417 (fi
947 369 1050 427 per
1084 369 1185 406 nos
1221 349 1343 410 fieri
1377 356 1599 432 potest)
1652 354 1769 413 haec
1808 377 1933 416 mea
1971 358 2159 417 oratio

232 433 499 511 Augustae
555 427 836 503 Familiae,
894 430 1414 516 Augustiffimaeque
1470 435 1832 518 Imperatrici
1890 441 2161 520 Reginae}

231 535 361 575 cum
397 511 644 593 primum
684 536 756 574 ex
799 536 866 574 ea
905 515 1283 596 cognoverint
1332 537 1447 580 tam
1497 544 1860 583 communem
1899 524 2162 586 dolorem

227 620 344 658 non
365 596 539 657 alium
572 598 807 658 demum
828 601 970 673 effe,
1011 622 1183 682 quam
1204 602 1390 664 suum.
1439 607 1672 668 Interim
1695 630 1801 669 oro
1824 629 1958 680 VOS,
1997 610 2162 670 nobi-

227 680 409 743 liffimi
440 679 756 744 Auditores
778 733 793 757 ,
830 700 892 744 ut
915 707 1003 745 me
1030 688 1102 745 de
1128 691 1343 768 Magno
1365 694 1826 754 FRANclsCO
1862 691 2054 753 dicere
2084 694 2166 754 in-

229 765 542 848 cipientem
567 816 581 840 ,
634 792 748 829 non
786 789 1185 853 quacumque,
1232 774 1331 833 sed
1369 776 1631 856 singulari
1685 777 2038 839 humanitate
2062 827 2076 852 ,
2113 787 2164 840 δε

229 851 512 935 patientia
551 853 891 914 sustineatis:
939 878 1067 918 nam
1103 857 1227 940 quis
1261 880 1370 940 ego
1405 878 1600 921 orator
1632 863 1752 924 sum
1777 912 1791 936 ,
1834 862 1931 945 qui
1969 863 2023 923 in
2057 866 2166 925 hac

231 936 612 998 celeberrima
654 940 815 1000 Urbe
863 941 1127 1008 Bononia
1180 942 1279 1015 (in
1324 966 1437 1026 qua
1477 964 1633 1007 tanta
1685 953 1765 1009 est
1825 949 2167 1029 eloquentiae

137 1064 142 1070 -
230 1025 385 1100 laus)
425 1022 549 1105 quis
582 1040 644 1083 ut
681 1021 738 1083 in
771 1027 923 1086 hunc
959 1027 1195 1089 honoris
1242 1029 1462 1091 aditum
1503 1032 1794 1107 venerim,
1847 1050 2015 1114 atque
2057 1037 2165 1103 iam

230 1111 385 1170 hunc
422 1106 828 1170 ornatissimum
863 1111 1182 1194 suggestum
1217 1117 1682 1191 conscenderim,
1735 1128 1931 1179 ut‘me
1986 1119 2168 1200 ipsum

233 1192 530 1268 dicendo,
582 1199 635 1255 &
677 1218 779 1255 vos
830 1199 1194 1273 consolarer,
1254 1205 1709 1285 perficeremque
1769 1203 2167 1265 nobiliffimam

230 1282 382 1342 hanc
425 1277 666 1362 Augusti
700 1280 930 1342 Funeris
971 1284 1403 1357 celebritatem3
1450 1309 1558 1369 pro
1596 1310 1708 1369 qua
1747 1288 1986 1371 quidem
2028 1290 2168 1351 nihil

233 1365 452 1439 minuS,
507 1387 679 1447 quam
718 1365 997 1428 {ummum
1045 1372 1385 1451 quoddam,
1434 1363 1811 1457 divinumque
1860 1398 2033 1456 genus
2084 1400 2170 1436 re-

234 1449 480 1532 quiritur
526 1450 910 1531 eloquentiae?
958 1453 1105 1514 Vidi
1143 1477 1253 1536 ego
1295 1455 1536 1538 quidem
1581 1476 1761 1520 totam
1813 1483 1931 1520 rem
1981 1463 2167 1536 hanc,

231 1536 459 1609 fateor,
500 1536 849 1598 Auditores:
896 1558 1066 1621 atque
1114 1559 1425 1622 propterea
1479 1544 1770 1605 tenuitatis
1819 1568 1953 1606 meae
2002 1545 2167 1607 initio

234 1619 495 1683 conscius
532 1619 893 1704 refugiebam
923 1622 1114 1686 animo
1147 1625 1287 1687 tanti
1326 1628 1512 1689 oneris
1549 1631 2034 1712 magnitudinem:
2068 1633 2168 1693 sed

231 1727 426 1769 tamen
459 1709 754 1788 postremo
794 1732 910 1770 non
959 1709 1158 1791 potui,
1212 1712 1555 1789 AuditoreS,
1607 1715 1744 1798 quin
1787 1716 1994 1798 partim
2047 1718 2172 1798 qui-

237 1795 374 1854 dem
412 1812 486 1851 ex
527 1795 743 1853 Eorum
776 1793 1061 1876 imperio,
1101 1818 1349 1878 quorum
1387 1804 1467 1860 est
1510 1803 1666 1881 apud
1700 1825 1789 1862 me
1830 1804 2043 1864 summa
2088 1804 2173 1863 di-

236 1876 450 1961 gnitaS,
481 1883 535 1935 δε
572 1878 914 1951 auctoritas,
963 1881 1174 1958 partim
1209 1883 1415 1943 dolore
1456 1882 1724 1963 impulsus
1767 1908 1839 1947 ex
1880 1888 1997 1969 ipsa
2047 1910 2175 1950 mea

235 1963 414 2025 etiarn
463 1961 800 2037 voluntate,
851 1983 969 2023 non
1024 1985 1114 2023 me
1172 1963 1594 2046 praeclariffimae
1647 1972 1906 2029 Ecclefiae
1961 1979 2176 2051 Zagra-

233 2049 418 2111 bienfi
467 2048 837 2130 adjungerem
860 2096 876 2121 ,
926 2047 1019 2109 cui
1055 2051 1167 2125 jam
1202 2049 1322 2110 sum
1357 2067 1474 2113 tam
1510 2050 1692 2112 veteri
1733 2056 2175 2133 neceffitudine,

239 2143 295 2197 ὅς
333 2131 617 2215 obsequio
653 2137 1016 2211 conjunctus:
1077 2136 1210 2209 Ejus
1244 2135 1396 2196 enim
1440 2136 1672 2199 nomine
1722 2144 2179 2216 tantafmajestas.

236 2219 469 2283 Funeris
504 2221 619 2279 hoc
655 2221 790 2279 loco
831 2222 946 2288 est;
988 2237 1052 2280 ut
1086 2218 1142 2280 in
1181 2223 1333 2282 hunc
1379 2224 1651 2297 modum,
1691 2232 1744 2286 &
1783 2227 1923 2299 justa
1961 2227 2177 2308 persol-

238 2321 439 2380 veret,
498 2324 612 2385 qua
654 2303 855 2380 majori
907 2304 1033 2364 fieri
1088 2305 1280 2388 potuit
1334 2305 1611 2388 dignitate
1667 2311 2175 2374 beneficentiffimo

236 2390 616 2472 Imperatori,
655 2398 709 2452 &
744 2409 808 2453 ut
841 2389 1078 2472 Reginae
1122 2391 1229 2452 suae
1276 2392 1634 2475 Imperatr-ici
1658 2445 1673 2469 ,
1718 2394 1943 2479 totique
1983 2404 2180 2480 Augu-

241 2481 334 2539 stae
388 2474 671 2550 Familiae,
734 2473 1090 2559 ubicumque
1143 2480 1381 2538 tandem
1438 2478 1518 2538 sui
1573 2483 1782 2553 effent,
1841 2485 2173 2563 singularem

242 2583 554 2623 moerorem
616 2561 809 2634 suurn,
866 2563 1161 2644 fidemque
1214 2562 1371 2623 suam
1430 2582 1770 2646 perpetuam
1832 2569 1940 2628 hac
2005 2567 2177 2627 etiam

243 2644 484 2730 publica
521 2644 743 2706 ratione
784 2648 1136 2708 declararet.
1183 2649 1514 2709 Postulabat
1554 2647 1746 2731 itaque
1780 2674 1948 2712 omne
1985 2676 2179 2714 meum

246 2754 383 2814 erga
427 2737 569 2793 Eam
615 2730 908 2806 officium,
954 2735 1046 2793 vel
1082 2732 1335 2794 maxime
1387 2732 1444 2793 in
1483 2756 1542 2795 re
1591 2753 1783 2812 tanta,
1831 2759 1900 2798 ne
1952 2739 2024 2798 ab
2075 2742 2179 2799 Illa

245 2822 449 2892 essem,
484 2838 846 2901 quacumque
881 2821 1100 2899 poffem
1132 2818 1388 2893 ratione,
1420 2819 1749 2894 disjunctus,
1788 2826 2011 2884 Verum
2044 2846 2180 2905 prae-

245 2900 413 2962 fabar
439 2905 713 2964 hactenus
747 2891 1121 2966 humaniffimi
1141 2953 1157 2978 ,
1189 2903 1632 2987 ornatiffimique
1655 2906 1997 2969 Auditor-es:
2029 2914 2180 2982 Jam-

249 3008 362 3069 que
404 2987 543 3050 mihi
581 2991 757 3050 altum
792 2988 1034 3070 ingreffo
1073 2991 1388 3072 pandenda
1423 2991 1545 3052 sunt
1581 2995 1743 3066 vela,
1795 3016 1911 3053 non
1955 3010 2180 3053 contra-

248 3073 476 3134 henda:
519 3072 614 3134 via
662 3074 886 3157 itaque,
942 3076 1015 3135 de
1065 3096 1178 3157 qua
1225 3074 1387 3151 dixi,
1442 3074 1716 3152 infistam,
1777 3077 2215 3160 enavigand0,.

249 3161 363 3218 five
427 3157 576 3218 liber
633 3183 663 3220 e
721 3158 1021 3243 naufragio
1080 3183 1404 3244 emergam,
1465 3166 1579 3223 five
1644 3167 1904 3224 effractus
1966 3165 2181 3225 obruar

250 3247 588 3326 tempestate
613 3292 625 3303 .

422 3328 697 3405 Occurrit
734 3329 874 3395 mihi
914 3331 1162 3416 primum
1197 3331 1475 3416 cogitatio
1511 3332 1818 3397 multorum
1860 3333 2009 3396 inter
2044 3356 2179 3406 VOS,

1911 3417 2093 3483 Audi-
